% ------------------------------------------------------------------------
% REFERENCES FILE
% ------------------------------------------------------------------------


***** General introduction *****

@article{consumption-stats,
      author = {Tom Bawden},
      journal = {Independent},
      title = {Global warming: Data centres to consume three times as much energy in next decade, experts warn},
      url = {https://www.independent.co.uk/environment/global-warming-data-centres-to-consume-three-times-as-much-energy-in-next-decade-experts-warn-a6830086.html},
      day = 23,
      month = {January},
      year = {2016},
      note = "\\ \url{
            https://www.independent.co.uk/environment/global-warming-data-centres-to-consume-three-times-as-much-energy-in-next-decade-experts-warn-a6830086.html
      }.\\ Last access date: 24/08/2018 11:00"
}

***** Project Context *****

@misc{iExec,
      note = "iExec \url{https://www.iex.ec} \\ Last access date: 24/08/2018 11:00"
}

@misc{xtremweb,
      note = "XtremWeb \url{https://www.xtremweb-hep.lal.in2p3.fr/} \\ Last access date: 20/08/2018 12:00"
}

@misc{POCO,
      note = "PoCo \url{https://www.iex.ec/news_categories/poco-series/} \\ Last access date: 04/06/2018 23:00"
}

@misc{RLC,
      note = "RLC token \url{https://www.iex.ec/rlc-token/} \\ Last access date: 18/09/2018 9:00"
}

@article{consumption-prediction,
      author = {Radoslav Danilak},
      journal = {Forbes},
      title = {Why Energy Is A Big And Rapidly Growing Problem For Data Centers},
      url = {https://www.forbes.com/sites/forbestechcouncil/2017/12/15/why-energy-is-a-big-and-rapidly-growing-problem-for-data-centers/#682a483c5a30},
      day = 15,
      month = {December},
      year = {2017},
      note = "\\ \url{
            https://www.forbes.com/sites/forbestechcouncil/2017/12/15/why-energy-is-a-big-and-rapidly-growing-problem-for-data-centers/#682a483c5a30
      }.\\ Last access date: 24/08/2018 11:00"
}

***** State of the art *****

@misc{emerson-network-power-data-centers,
      note = "Solar-Powered Data Centers \url{https://www.datacenterknowledge.com/solar-powered-data-centers/} \\ Last access date: 20/08/2018 17:00"
}

@misc{qts-princeton-data-centers,
      note = "Solar-Powered Data Centers \url{https://www.datacenterknowledge.com/archives/2014/10/14/super-sizing-solar-power-for-data-centers} \\ Last access date: 19/08/2018 15:00"
}

@misc{wind-powered-data-centers,
      note = "Wind-Powered Data Centers \url{https://www.datacenterknowledge.com/wind-powered-data-centers/} \\ Last access date: 24/08/2018 14:00"
}

@misc{geothermal-data-centers,
      note = "Geothermal Data Centers \url{https://www.datacenterknowledge.com/geothermal-data-centers/} \\ Last access date: 24/08/2018 14:00"
}

@misc{ethereum,
      note = "Ethereum blockchain \url{https://www.ethereum.org/} \\ Last access date: 24/08/2018 11:00"
}

@misc{v-buterin,
      note = "Vitalik Buterin, Ethereum creator \url{https://about.me/vitalik_buterin} \\ Last access date: 24/08/2018 11:00"
}

@misc{oleg-lodygensky,
      note = "Oleg Lodygensky, XtremWeb main developer \url{https://users.lal.in2p3.fr/lodygens/} \\ Last access date: 24/08/2018 11:00"
}

@misc{iexec-sdk,
      note = "iExec SDK \url{https://github.com/iExecBlockchainComputing/iexec-sdk} \\ Last access date: 24/08/2018 11:00"
}

@misc{poco-definition,
      note = "PoCo definition \url{https://www.medium.com/iex-ec/poco-series-2-on-the-use-of-staking-to-prevent-attacks-2a5c700558bd} \\ Last access date: 29/07/2018 11:00"
}

@misc{hadrien-croubois,
      note = "Hadrien Croubois, PoCo designer \url{https://www.hadriencroubois.com/} \\ Last access date: 13/07/2018 15:00"
}

@misc{IoT,
      note = "What is IoT \url{https://www.internetofthingsagenda.techtarget.com/definition/Internet-of-Things-IoT} \\ Last access date: 13/07/2018 15:00"
}

@misc{fog-computing,
      note = "What is Fog computing \url{https://www.techopedia.com/definition/32472/edge-computing} \\ Last access date: 13/07/2018 15:00"
}

@misc{edge-computing,
      note = "What is Edge computing \url{https://www.techopedia.com/definition/32472/edge-computing} \\ Last access date: 13/07/2018 15:00"
}

@misc{power-system,
      note = "[Online textbook], Tony R. Kuphaldt et al., last accessed on 17 May 2009. https://www.allaboutcircuits.com/ \\ Last access date: 13/07/2018 15:00"
}

@misc{solar-power,
      note = "Department of Energy. Archived from the original on 14 April 2011. Retrieved 19 April 2011. https://www.energy.gov/science-innovation/energy-sources/renewable-energy/solar  \\ Last access date: 13/07/2018 15:00"
}
@misc{photovoltaics,
      note = "Lo Piano, Samuele; Mayumi, Kozo (2017). 'Toward an integrated assessment of the performance of photovoltaic power stations for electricity generation'. Applied Energy. 186 (2): 167â€“74. \\ Last access date: 13/07/2018 15:00"
}
@misc{solar-panel,
      note = "Ulanoff, Lance (2 October 2015). 'Elon Musk and SolarCity unveil 'world's most efficient' solar panel'. Mashable. Retrieved 9 September 2018  \\ Last access date: 13/09/2018 15:00"
}


***** Requirements analysis *****

@misc{ARM,
      note = "ARM architecture \url{https://www.arm.com} \\ Last access date: 13/08/2018 15:00"
}

@misc{iexec-marketplace,
      note = "iExec marketplace \url{https://www.iex.ec/marketplace/} \\ Last access date: 13/07/2018 15:00"
}

@misc{iexec-architecture,
      note = "iExec decentralized cloud \url{https://www.iex.ec/overview/} \\ Last access date: 13/07/2018 15:00"
}


***** Implementation *****

@misc{raspberry-pi,
      note = "Raspberry Pi board \url{https://www.raspberrypi.org/help/what-%20is-a-raspberry-pi/} \\ Last access date: 13/07/2018 15:00"
}

@misc{,
      note = "Guido Van Rossum, Python creator \url{https://gvanrossum.github.io/} \\ Last access date: 13/07/2018 15:00"
}

@misc{object-detector,
      note = "Object Detector Dapp \url{https://github.com/Zied-Guesmi/object-detector} \\ Last access date: 13/07/2018 15:00"
}

@misc{mobile-nets,
      note = "Convolutional Neural Networks for Mobile Vision Applications \url{https://arxiv.org/abs/1704.04861} \\ Last access date: 13/07/2018 15:00"
}

@misc{image-to-text,
      note = "Object Detector Dapp \url{https://github.com/Zied-Guesmi/image2text} \\ Last access date: 13/07/2018 15:00"
}

@misc{text-to-speech,
      note = "Text to speech Dapp \url{https://github.com/Zied-Guesmi/text2speech} \\ Last access date: 13/07/2018 15:00"
}

@misc{color-transfer,
      note = "Color transfer Dapp \url{https://github.com/Zied-Guesmi/color-transfer} \\ Last access date: 13/07/2018 15:00"
}


% ------------------------------------------------------------------------